@article{ringach2004haphazard,
  title={Haphazard wiring of simple receptive fields and orientation columns in visual cortex},
  author={Ringach, Dario L},
  journal={Journal of neurophysiology},
  volume={92},
  number={1},
  pages={468--476},
  year={2004},
  publisher={Am Physiological Soc}
}

@article{paik2010synaptic,
  title={Synaptic plasticity controls sensory responses through frequency-dependent gamma oscillation resonance},
  author={Paik, Se-Bum and Glaser, Donald A},
  journal={PLoS computational biology},
  volume={6},
  number={9},
  pages={e1000927},
  year={2010},
  publisher={Public Library of Science}
}